@ARTICE{1emails,
	author = {{Shafiq Joty}, {Giuseppe Carenini}, {Gabriel Murray}, and {Raymond Ng}},
    title = "{Finding Topics in Emails: Is LDA enough?}",
    year = 2009,
},
@ARTICLE{2017,
   author = {{Asad Rizvi}, S.~A. and {Roberts}, S.~J. and {Osborne}, M.~A. and 
	{Nyikosa}, F.},
    title = "{A Novel Approach to Forecasting Financial Volatility with Gaussian Process Envelopes}",
  journal = {ArXiv e-prints},
archivePrefix = "arXiv",
   eprint = {1705.00891},
 primaryClass = "stat.ML",
 keywords = {Statistics - Machine Learning, Computer Science - Computational Engineering, Finance, and Science, Quantitative Finance - Statistical Finance},
     year = 2017,
    month = may,
   adsurl = {http://adsabs.harvard.edu/abs/2017arXiv170500891A},
  adsnote = {Provided by the SAO/NASA Astrophysics Data System}
}